@article{cannyEdgeDetection,
  author = {John Canny},
  title = {A Computational Approach to Edge Detection},
  year = {1986}
}
@article{contourExtraction,
  author = {Satoshi Suzuki{,} KeiichiA be},
  title = {Topological structural analysis of digitized binary images by border following},
  year = {1985}
}
@article{denseNets,
  author = {Gao Huang{,} Zhuang Liu{,} Laurens van der Maaten{,} Kilian Q. Weinberger},
  title = {Densely Connected Convolutional Networks},
  year = {2016}
}
@article{douglasAlgorithm,
  title = {Douglas-Peucker algorithm},
  note = {\\ \url {http://ilya.puchka.me/douglas-peucker-algorithm}}
}
@article{adamOptimizer,
  author = {Diederik P. Kingm{,} Jimmy Lei Ba},
  title = {Adam: A method for stochastic optimization},
  year = {2014}
}
@article{batchNorm,
  author = {Sergey Ioffe{,} Christian Szegedy},
  title = {Batch Normalization: Accelerating Deep Network Training by Reducing Internal Covariate Shift},
  year = {2015}
}
